@incollection{Bengio+chapter2007,
author = {Bengio, Yoshua and LeCun, Yann},
booktitle = {Large Scale Kernel Machines},
publisher = {MIT Press},
title = {Scaling Learning Algorithms Towards {AI}},
year = {2007}
}

@article{Hinton06,
author = {Hinton, Geoffrey E. and Osindero, Simon and Teh, Yee Whye},
journal = {Neural Computation},
pages = {1527--1554},
title = {A Fast Learning Algorithm for Deep Belief Nets},
volume = {18},
year = {2006}
}

@article{Lu2014GeneralizedNN,
  title={Generalized Nonconvex Nonsmooth Low-Rank Minimization},
  author={Canyi Lu and Jinhui Tang and Shuicheng Yan and Zhouchen Lin},
  journal={2014 IEEE Conference on Computer Vision and Pattern Recognition},
  year={2014},
  pages={4130-4137}
}

@article{mak2017information,
  title={Information-guided sampling for low-rank matrix completion},
  author={Mak, Simon and Yushi, Henry Shaowu and Xie, Yao},
  journal={arXiv preprint arXiv:1706.08037},
  year={2017}
}

@article{Li2022regularised,  
	year = {2022},  
	pages = {3212--3224},  
	author = {Zhemin Li and Zhi-Qin John Xu and Tao Luo and Hongxia Wang},  
	title = {A regularised deep matrix factorised model of matrix completion for image restoration},  
	journal = {{IET} Image Processing}
}

@INPROCEEDINGS{Hore2010PSNRvsSSIM,
  author={Horé, Alain and Ziou, Djemel},
  booktitle={2010 20th International Conference on Pattern Recognition}, 
  title={Image Quality Metrics: PSNR vs. SSIM}, 
  year={2010},
  pages={2366-2369},
}

@ARTICLE{Zhou2004SSIM,
  author={Zhou Wang and Bovik, A.C. and Sheikh, H.R. and Simoncelli, E.P.},
  journal={IEEE Transactions on Image Processing}, 
  title={Image quality assessment: from error visibility to structural similarity}, 
  year={2004},
  volume={13},
  number={4},
  pages={600-612},
  doi={10.1109/TIP.2003.819861}}

@article{cuthbert2010music21,
  title={music21: A toolkit for computer-aided musicology and symbolic music data},
  author={Cuthbert, Michael Scott and Ariza, Christopher},
  year={2010},
  publisher={International Society for Music Information Retrieval}
}

@article{gers2000learning,
  title={Learning to forget: Continual prediction with LSTM},
  author={Gers, Felix A and Schmidhuber, J{\"u}rgen and Cummins, Fred},
  journal={Neural computation},
  volume={12},
  number={10},
  pages={2451--2471},
  year={2000},
  publisher={MIT Press}
}

@inproceedings{zhai2018autoencoder,
  title={Autoencoder and its various variants},
  author={Zhai, Junhai and Zhang, Sufang and Chen, Junfen and He, Qiang},
  booktitle={2018 IEEE international conference on systems, man, and cybernetics (SMC)},
  pages={415--419},
  year={2018},
  organization={IEEE}
}


@article{blaauw2017neural,
  title={A neural parametric singing synthesizer},
  author={Blaauw, Merlijn and Bonada, Jordi},
  journal={arXiv preprint arXiv:1704.03809},
  year={2017}
}

@article{nir2023analyzing,
  author = {Nir Keret and Malka Gorfine},
  title = {Analyzing Big EHR Data—Optimal Cox Regression Subsampling Procedure with Rare Events},
  journal = {Journal of the American Statistical Association},
  volume = {0},
  number = {0},
  pages = {1-14},
  year = {2023},
  publisher = {Taylor & Francis},
  doi = {10.1080/01621459.2023.2209349},
  URL = {https://doi.org/10.1080/01621459.2023.2209349},
  eprint = { https://doi.org/10.1080/01621459.2023.2209349}
}

@article{king2001logistic,
  title={Logistic Regression in Rare Events Data},
  volume={9},
  DOI={10.1093/oxfordjournals.pan.a004868},
  number={2},
  journal={Political Analysis},
  publisher={Cambridge University Press},
  author={King, Gary and Zeng, Langche},
  year={2001},
  pages={137¨C163}
}

@article{firth1993bias,
    author = {Firth, David},
    title = "{Bias reduction of maximum likelihood estimates}",
    journal = {Biometrika},
    volume = {80},
    number = {1},
    pages = {27-38},
    year = {1993},
    month = {03},
    issn = {0006-3444},
    doi = {10.1093/biomet/80.1.27},
    url = {https://doi.org/10.1093/biomet/80.1.27},
    eprint = {https://academic.oup.com/biomet/article-pdf/80/1/27/616333/80-1-27.pdf},
}

@article{wang2021nonuniform,
  title={Nonuniform Negative Sampling and Log Odds Correction with Rare Events Data},
  author={Wang, HaiYing and Zhang, Aonan and Wang, Chong},
  journal={Advances in Neural Information Processing Systems},
  volume={34},
  year={2021}
}


@inproceedings{wang2020logistic,
  title={Logistic Regression for Massive Data with Rare Events},
  author={Haiying Wang},
  booktitle={ICML},
  year={2020}
}

@article{owen2007infinitely,
  title={Infinitely Imbalanced Logistic Regression.},
  author={Owen, Art B},
  journal={Journal of Machine Learning Research},
  volume={8},
  number={4},
  year={2007}
}